<record><leader>00000cas a22000007a 4500</leader><controlfield tag="001">21018502</controlfield><controlfield tag="008">900208d193u19uugauwr ne      0    0eng d</controlfield><datafield ind1=" " ind2=" " tag="010"><subfield code="a">sn 90052128 </subfield></datafield><datafield ind1=" " ind2=" " tag="040"><subfield code="a">NLG</subfield><subfield code="b">eng</subfield><subfield code="c">NLG</subfield><subfield code="d">GUA</subfield><subfield code="d">OCLCQ</subfield><subfield code="d">OCLCF</subfield><subfield code="d">OCLCO</subfield></datafield><datafield ind1="1" ind2=" " tag="029"><subfield code="a">AU@</subfield><subfield code="b">000025967175</subfield></datafield><datafield ind1=" " ind2=" " tag="042"><subfield code="a">msc</subfield></datafield><datafield ind1=" " ind2=" " tag="043"><subfield code="a">n-us-ga</subfield></datafield><datafield ind1="0" ind2=" " tag="130"><subfield code="a">Ed Rivers weekly (Lakeland, Ga.)</subfield></datafield><datafield ind1="1" ind2="0" tag="245"><subfield code="a">Ed Rivers weekly.</subfield></datafield><datafield ind1=" " ind2=" " tag="260"><subfield code="a">Lakeland, Ga. :</subfield><subfield code="b">E.R. Rivers</subfield></datafield><datafield ind1=" " ind2=" " tag="300"><subfield code="a">v.</subfield></datafield><datafield ind1=" " ind2=" " tag="310"><subfield code="a">Weekly</subfield></datafield><datafield ind1=" " ind2=" " tag="530"><subfield code="a">Also on microfilm: Athens, Ga.: University of Georgia Libraries.</subfield></datafield><datafield ind1=" " ind2=" " tag="588"><subfield code="a">Description based on: Vol. 17, no. 5 (Dec. 18, 1939).</subfield></datafield><datafield ind1=" " ind2="0" tag="651"><subfield code="a">Lanier County (Ga.)</subfield><subfield code="v">Newspapers.</subfield></datafield><datafield ind1=" " ind2="4" tag="651"><subfield code="a">Lakeland (Ga.)</subfield><subfield code="v">Newspapers.</subfield></datafield><datafield ind1=" " ind2="7" tag="655"><subfield code="a">Newspapers.</subfield><subfield code="2">fast</subfield><subfield code="0">(OCoLC)fst01423814</subfield></datafield><datafield ind1=" " ind2="7" tag="651"><subfield code="a">Georgia</subfield><subfield code="z">Lanier County.</subfield><subfield code="2">fast</subfield><subfield code="0">(OCoLC)fst01217795</subfield></datafield><datafield ind1=" " ind2=" " tag="752"><subfield code="a">United States</subfield><subfield code="b">Georgia</subfield><subfield code="c">Lanier</subfield><subfield code="d">Lakeland.</subfield></datafield></record>